// GROUPE BIBLIOGRAPHIQUE DES DONNES D'ANALYSE (contexte, compréhension, ...)
@misc{ref:haitiwater,
    author = "Celine Deknop{,} Sebastien Sterbelle et Adrien Hallet",
    title = "HaïtiWater : Développement d'une application web pour gérer la distribution de l'eau en Haïti",
    year = "2019",
    month = "Juin",
}

@article{ref:estimating_economic_damage_earthquake_haiti,
    author = "Eduardo A. Cavallo, Andrew Powell et Oscar Becerra",
    title = "Estimating the Direct Economic Damage of the Earthquake in {Haiti}",
    journal = "IDB Working Paper Series",
    year = "2010",
    month = "February",
    number = "IDB-WP-163",
}

@online{ref:usability_evaluation_tools,
    author = {Usability.gov},
    title = {Usability Evaluation Methods},
    year = 2019,
    url = {https://www.usability.gov/how-to-and-tools/methods/usability-evaluation/index.html},
    urldate = {2019-05-11},
    note = {Consulté pour la dernière fois le 11 mai 2019}
}
